<?xml version="1.0" encoding="UTF-8"?><collection xmlns="http://www.loc.gov/MARC21/slim"><record><leader>00324nam--2200133-i-4500</leader><controlfield tag="001">000016745</controlfield><controlfield tag="002">20161230</controlfield><controlfield tag="005">20161230201031</controlfield><controlfield tag="008">060222s1000------------r-----000-0-eng-d</controlfield><datafield ind1=" " ind2=" " tag="080"><subfield code="a">512</subfield></datafield><datafield ind1=" " ind2=" " tag="100"><subfield code="a">Barbilian, Dan</subfield></datafield><datafield ind1=" " ind2=" " tag="245"><subfield code="a">Algebra axiomatica</subfield></datafield><datafield ind1=" " ind2=" " tag="260"><subfield code="a">Bucuresti, Ed.Didactica Si Pedagogica, 1988. 444 P</subfield></datafield><datafield ind1=" " ind2=" " tag="852"><subfield code="a">74684</subfield></datafield></record></collection>